@misc{yves_martin_fusion_2014,
	title = {La fusion nucléaire - De la génération d'étoiles sur Terre à la production d'électricité},
	url = {https://www.epfl.ch/research/domains/swiss-plasma-center/wp-content/uploads/2018/10/140415_BulletinElectriciens.pdf},
	author = {{Yves Martin} and {Ambrogio Fasoli}},
	urldate = {2024-04-26},
	date = {2014},
	file = {Texte intégral:C\:\\Users\\Gaeta\\Zotero\\storage\\IQEMK24W\\Yves Martin et Ambrogio Fasoli - 2014 - La fusion nucléaire - De la génération d'étoiles s.pdf:application/pdf},
}


@thesis{holger_reimerdes_mhd_2001,
	title = {{MHD} {STABILITY} {LIMITS} {IN} {TCV} {TOKAMAK}},
	url = {https://infoscience.epfl.ch/record/32875?ln=fr&v=pdf},
	pagetotal = {177},
	institution = {École Polytechnique Fédérale de Lausanne},
	type = {phdthesis},
	author = {{Holger REIMERDES}},
	date = {2001},
	file = {Holger REIMERDES - 2001 - MHD STABILITY LIMITS IN TCV TOKAMAK.pdf:C\:\\Users\\Gaeta\\Zotero\\storage\\NBLGWC2I\\Holger REIMERDES - 2001 - MHD STABILITY LIMITS IN TCV TOKAMAK.pdf:application/pdf},
}

@thesis{antoine_strugarek_turubulence_2012,
	title = {Turubulence, transport et confinement : des tokamaks au magnétisme des étoiles},
	url = {https://theses.hal.science/tel-00765706/file/main.pdf},
	shorttitle = {06/05/2024},
	pagetotal = {266},
	institution = {Université Paris-Diderot - Paris {VII}},
	type = {phdthesis},
	author = {{Antoine Strugarek}},
	date = {2012},
	file = {Texte intégral:C\:\\Users\\Gaeta\\Zotero\\storage\\X3UFLH2H\\Antoine Strugarek - 2012 - Turubulence, transport et confinement  des tokama.pdf:application/pdf},
}


@thesis{yann_camenen_etude_2006,
	location = {Lausanne},
	title = {Étude du transport d'énergie thermique dans les plasmas du Tokamak à Configuration Variable au moyen de chauffage électronique cyclotronique},
	url = {https://infoscience.epfl.ch/record/87520?ln=fr.},
	pagetotal = {125},
	institution = {École Polytechnique Fédérale de Lausanne},
	type = {phdthesis},
	author = {{Yann CAMENEN}},
	urldate = {2024-03-15},
	date = {2006},
	file = {Triangularité négative.pdf:C\:\\Users\\Gaeta\\OneDrive\\Bureau\\Cours\\L3\\Stage\\Triangularité négative.pdf:application/pdf},
}

@article{j-m_moret_magnetic_1998,
	title = {Magnetic measurements on the {TCV} Tokamak},
	volume = {69},
	doi = {https://doi.org/10.1063/1.1148940},
	pages = {2333--2348},
	number = {6},
	author = {{J-M MORET} and {F. BUHLMANN} and {D. FASEL} and {F. HOFMANN} and {G. TONETTI}},
	urldate = {2024-05-07},
	date = {1998},
	file = {Texte intégral:C\:\\Users\\Gaeta\\Zotero\\storage\\WB9VB7KW\\J-M MORET et al. - 1998 - Magnetic measurements on the TCV Tokamak.pdf:application/pdf},
}


@article{duccio_testa_manufacturing_2020,
	title = {Manufacturing, installation, commissioning, and first results with the 3D low-temperature co-fired ceramic high-frequency magnetic sensors on the Tokamak à Configuration Variable},
	volume = {91},
	doi = {doi: 10.1063/1.5115004},
	number = {81401},
	author = {{Duccio TESTA}},
	date = {2020},
	file = {Texte intégral:C\:\\Users\\Gaeta\\Zotero\\storage\\MQJKREQJ\\Duccio TESTA - 2020 - Manufacturing, installation, commissioning, and fi.pdf:application/pdf},
}

@article{A_Pochelon_1999,
doi = {10.1088/0029-5515/39/11Y/321},
url = {https://dx.doi.org/10.1088/0029-5515/39/11Y/321},
year = {1999},
month = {nov},
publisher = {},
volume = {39},
number = {11Y},
pages = {1807},
author = {A. Pochelon and  T.P. Goodman and  M. Henderson and  C. Angioni and  R. Behn and  S. Coda and  F. Hofmann and  J.-P. Hogge and  N. Kirneva and  A.A. Martynov and  J.-M. Moret and  Z.A. Pietrzyk and  F. Porcelli and  H. Reimerdes and  J. Rommers and  E. Rossi and  O. Sauter and  M.Q. Tran and  H. Weisen and  S. Alberti and  S. Barry and  P. Blanchard and  P. Bosshard and  R. Chavan and  B.P. Duval and  Y.V. Esipchuck and  D. Fasel and  A. Favre and  S. Franke and  I. Furno and  P. Gorgerat and  P.-F. Isoz and  B. Joye and  J.B. Lister and  X. Llobet and  J.-C. Magnin and  P. Mandrin and  A. Manini and  B. Marlétaz and  P. Marmillod and  Y. Martin and  J.-M. Mayor and  J. Mlynar and  C. Nieswand and  P.J. Paris and  A. Perez and  R.A. Pitts and  K.A. Razumova and  A. Refke and  E. Scavino and  A. Sushkov and  G. Tonetti and  F. Troyon and  W. Van Toledo and  P. Vyas},
title = {Energy confinement and MHD activity in 
 shaped TCV plasmas with 
 localized electron cyclotron heating},
journal = {Nuclear Fusion},
abstract = {Confinement in TCV electron cyclotron heated discharges was studied as a function of plasma shape, i.e. as a function of elongation, 1.1 &lt; κ&lt; 2.15, and triangularity, -0.65  ⩽ δ ⩽ 0.55. The electron energy  confinement time was found to increase with elongation, owing in part to the  increase of plasma current with elongation. The beneficial effect of  negative triangularities was most effective at low power and tended to  decrease at the higher powers used. The large variety of sawtooth types observed in TCV for different power deposition locations, from on-axis to the q = 1 region,  was simulated with a model that included local power deposition, a growing m/n = 1  island (convection and reconnection), plasma rotation and finite heat  diffusivity across flux surfaces. Furthermore, a model with local magnetic  shear reproduced the experimental observation that the sawtooth period is  at a maximum when the heating is close to the q = 1 surface.}
}
